<record><leader>00000cas a22000007a 4500</leader><controlfield tag="001">9869271</controlfield><controlfield tag="008">830901d18661867nyuwr ne      0    0eng d</controlfield><controlfield tag="009">3781</controlfield><datafield ind1=" " ind2=" " tag="010"><subfield code="a">sn 83031397 </subfield></datafield><datafield ind1=" " ind2=" " tag="040"><subfield code="a">NPU</subfield><subfield code="b">eng</subfield><subfield code="c">NPU</subfield><subfield code="d">NPX</subfield><subfield code="d">NYS</subfield><subfield code="d">NYG</subfield><subfield code="d">NYS</subfield><subfield code="d">OCLCQ</subfield></datafield><datafield ind1="1" ind2=" " tag="029"><subfield code="a">AU@</subfield><subfield code="b">000020382328</subfield></datafield><datafield ind1=" " ind2=" " tag="042"><subfield code="a">msc</subfield></datafield><datafield ind1="0" ind2=" " tag="130"><subfield code="a">Democratic volunteer (Morrisville, N.Y.)</subfield></datafield><datafield ind1="0" ind2="0" tag="245"><subfield code="a">Democratic volunteer.</subfield></datafield><datafield ind1="1" ind2="3" tag="246"><subfield code="a">Independent volunteer</subfield></datafield><datafield ind1="1" ind2="3" tag="246"><subfield code="a">Waldron's Democratic volunteer</subfield></datafield><datafield ind1=" " ind2=" " tag="260"><subfield code="a">Morrisville ;</subfield><subfield code="a">Hamilton, [N.Y.] :</subfield><subfield code="b">Geo. G. Waldron,</subfield><subfield code="c">1866-</subfield></datafield><datafield ind1=" " ind2=" " tag="300"><subfield code="a">v. ;</subfield><subfield code="c">57-66 cm.</subfield></datafield><datafield ind1=" " ind2=" " tag="310"><subfield code="a">Weekly</subfield></datafield><datafield ind1="0" ind2=" " tag="362"><subfield code="a">Vol. 3, no. 1 (Sept. 25, 1866)-</subfield></datafield><datafield ind1="1" ind2=" " tag="362"><subfield code="a">Ceased in 1867.</subfield></datafield><datafield ind1=" " ind2=" " tag="500"><subfield code="a">"Republican."</subfield></datafield><datafield ind1=" " ind2="4" tag="651"><subfield code="a">Morrisville (N.Y.)</subfield><subfield code="v">Newspapers.</subfield></datafield><datafield ind1=" " ind2="4" tag="651"><subfield code="a">Hamilton (N.Y.)</subfield><subfield code="v">Newspapers.</subfield></datafield><datafield ind1=" " ind2=" " tag="752"><subfield code="a">United States</subfield><subfield code="b">New York</subfield><subfield code="c">Madison</subfield><subfield code="d">Morrisville.</subfield></datafield><datafield ind1=" " ind2=" " tag="752"><subfield code="a">United States</subfield><subfield code="b">New York</subfield><subfield code="c">Madison</subfield><subfield code="d">Hamilton.</subfield></datafield><datafield ind1="0" ind2="0" tag="780"><subfield code="t">Independent volunteer (Morrisville, N.Y.)</subfield><subfield code="w">(DLC)sn 89071386</subfield><subfield code="w">(OCoLC)20346953</subfield></datafield><datafield ind1="0" ind2="0" tag="785"><subfield code="t">Waldron's Democratic volunteer</subfield><subfield code="w">(DLC)sn 92061412</subfield><subfield code="w">(OCoLC)24957069</subfield></datafield><datafield ind1=" " ind2=" " tag="936"><subfield code="a">Vol. 3, no. 23 (Apr. 23, 1867) LIC</subfield></datafield></record>